
@Manual{libc,
    title = {The C Standard Library},
    author = {Wikipedia Contributors},
    year = {2025},
    url = {https://en.wikipedia.org/wiki/C_standard_library},
}

@misc{requirements-for-cpp-successor-languages,
    title = {Requirements for C++ Successor Languages},
    author = {Bret Brown},
    year = {2023},
    note = {Presented at C++Now},
    howpublished = {\url{https://www.youtube.com/watch?v=VMYVbA2gg0g}},
    accessed = {2025-04-26},
}

@misc{carbon-interop-goals,
    title = {Interoperability Philosophy and Goals},
    author = {Carbon Contributors},
    year = {2023},
    howpublished = {\url{https://github.com/carbon-language/carbon-lang/blob/77afd0678baae83da8610dddff286739d271e18e/docs/design/interoperability/philosophy_and_goals.md#carbon-inheritance-from-c-types}},
    accessed = {2025-05-30},
}

@misc{swift-cpp-posthoc-conformance,
    title = {Mixing Swift and C++: Conforming C++ Type to Swift Protocol},
    author = {Apple Inc.},
    year = {2025},
    howpublished = {\url{https://www.swift.org/documentation/cxx-interop/#conforming-c-type-to-swift-protocol}},
    accessed = {2025-05-30},    
}

@misc{hylo-lang,
    title = {The Hylo Programming Language},
    author = {Hylo Contributors},
    year = {2022},
    url = {https://hylo-lang.org/},
    accessed = {2025-05-30},
}
